
@Article{siami-namini:2018,
  author = {Sima Siami-Namini and Neda Tavakoli and Akbar Siami Namin},
  title = {A Comparison of ARIMA and LSTM in Forecasting Time Series},
  journal = {17th IEEE International Conference on Machine Learning and Applications},
  year = {2018},
 }

 @Article{lindemann:2020,
  author = {Benjamin Lindemann and Timo MÃ¼ller and Hannes Vietz and Nasser Jazdi and Michael Weyrich},
  title = {A survey on long short-term memory networks for time series prediction},
  journal = {14th CIRP Conference on Intelligent Computation in Manufacturing Engineering},
  year = {2020},
 }

 @Article{kader:2022,
  author = {Nur Izzati Ab Kader and Umi Kalsom Yusof and Mohd Nor Akmal Khalid and Nik Rosmawati Nik Husain},
  title = {A Review of Long Short-Term Memory Approach for Time Series Analysis and Forecasting},
  journal = {Proceedings of the 2nd International Conference on Emerging Technologies and Intelligent Systems},
  year = {2022},
 }

@online{yiu,
  author = "Tony Yiu",
  title = "Understanding ARIMA (Time Series Modeling)",
  note = {\href{https://towardsdatascience.com/understanding-arima-time-series-modeling-d99cd11be3f8}{Towards Data Science}},
  urldate = {2022-04-27}
}

 @online{binhuraib,
  author = "Taha Binhuraib",
  title = "An Introduction to Time Series Analysis with ARIMA",
  note = {\href{https://towardsdatascience.com/an-introduction-to-time-series-analysis-with-arima-a8b9c9a961fb}{Towards Data Science}},
  urldate = {2022-04-27}
}

@online{keith,
  author = "Michael Keith",
  title = "Exploring the LSTM Neural Network Model for Time Series",
  note = {\href{https://towardsdatascience.com/exploring-the-lstm-neural-network-model-for-time-series-8b7685aa8cf}{Towards Data Science}},
  urldate = {2022-04-27}
}

@online{brownlee,
  author = "Jason Brownlee",
  title = "How to Develop LSTM Models for Time Series Forecasting",
  note = {\href{https://machinelearningmastery.com/how-to-develop-lstm-models-for-time-series-forecasting/}{Machine Learning Mastery}},
  urldate = {2022-04-27}
}

@online{dolphin,
  author = "Rian Dolphin",
  title = "LSTM Networks | A Detailed Explanation",
  note = {\href{https://towardsdatascience.com/lstm-networks-a-detailed-explanation-8fae6aefc7f9}{Towards Data Science}},
  urldate = {2022-05-11}
}